<?xml version="1.0" encoding="UTF-8"?><Document xmlns="urn:iso:std:iso:20022:tech:xsd:camt.053.001.04"><BkToCstmrStmt><GrpHdr><MsgId>2026032420442892</MsgId><CreDtTm>2026-03-24T15:40:11</CreDtTm><MsgPgntn><PgNb>1</PgNb><LastPgInd>true</LastPgInd></MsgPgntn></GrpHdr><Stmt><Id>2026032420442892</Id><ElctrncSeqNb>2</ElctrncSeqNb><CreDtTm>2026-03-24T15:40:11</CreDtTm><FrToDt><FrDtTm>2026-03-02T00:00:00</FrDtTm><ToDtTm>2026-03-23T23:59:59</ToDtTm></FrToDt><Acct><Id><IBAN>CH6600774010376550601</IBAN></Id><Ccy>CHF</Ccy><Ownr><Nm>SBS Projer GmbH</Nm><PstlAdr><AdrLine>Via Rezia 8</AdrLine><AdrLine>7013 Domat/Ems</AdrLine></PstlAdr></Ownr><Svcr><FinInstnId><BICFI>GRKBCH2270A</BICFI><Nm>Graubündner Kantonalbank</Nm></FinInstnId></Svcr></Acct><Bal><Tp><CdOrPrtry><Cd>OPBD</Cd></CdOrPrtry></Tp><Amt Ccy="CHF">3331</Amt><CdtDbtInd>DBIT</CdtDbtInd><Dt><Dt>2026-03-01</Dt></Dt></Bal><Bal><Tp><CdOrPrtry><Cd>CLBD</Cd></CdOrPrtry></Tp><Amt Ccy="CHF">4585.61</Amt><CdtDbtInd>CRDT</CdtDbtInd><Dt><Dt>2026-03-23</Dt></Dt></Bal><TxsSummry><TtlNtries><NbOfNtries>7</NbOfNtries><Sum>7916.61</Sum><TtlNetNtry><Amt>7916.61</Amt><CdtDbtInd>CRDT</CdtDbtInd></TtlNetNtry></TtlNtries><TtlCdtNtries><NbOfNtries>7</NbOfNtries><Sum>7916.61</Sum></TtlCdtNtries><TtlDbtNtries><NbOfNtries>0</NbOfNtries><Sum>0</Sum></TtlDbtNtries><TtlNtriesPerBkTxCd><NbOfNtries>7</NbOfNtries><Sum>7916.61</Sum><TtlNetNtry><Amt>7916.61</Amt><CdtDbtInd>CRDT</CdtDbtInd></TtlNetNtry><BkTxCd><Domn><Cd>PMNT</Cd><Fmly><Cd>RCDT</Cd><SubFmlyCd>OTHR</SubFmlyCd></Fmly></Domn></BkTxCd></TtlNtriesPerBkTxCd></TxsSummry><Ntry><Amt Ccy="CHF">126.5</Amt><CdtDbtInd>CRDT</CdtDbtInd><RvslInd>false</RvslInd><Sts>BOOK</Sts><BookgDt><Dt>2026-03-02</Dt></BookgDt><ValDt><Dt>2026-03-02</Dt></ValDt><AcctSvcrRef>ZV20260228/830426</AcctSvcrRef><BkTxCd><Domn><Cd>PMNT</Cd><Fmly><Cd>RCDT</Cd><SubFmlyCd>OTHR</SubFmlyCd></Fmly></Domn></BkTxCd><NtryDtls><Btch><NbOfTxs>1</NbOfTxs><TtlAmt Ccy="CHF">126.5</TtlAmt><CdtDbtInd>CRDT</CdtDbtInd></Btch><TxDtls><Refs><AcctSvcrRef>ZV20260228/830426/11</AcctSvcrRef><EndToEndId>NOTPROVIDED</EndToEndId></Refs><Amt Ccy="CHF">126.5</Amt><CdtDbtInd>CRDT</CdtDbtInd><AmtDtls><InstdAmt><Amt Ccy="CHF">126.5</Amt></InstdAmt><TxAmt><Amt Ccy="CHF">126.5</Amt></TxAmt></AmtDtls><RltdPties><Dbtr><Nm>Berghotel Tgantieni AG</Nm><PstlAdr><AdrLine>Voa Tgantieni 17</AdrLine><AdrLine>7078 Lenzerheide/Lai</AdrLine></PstlAdr></Dbtr><Cdtr><Nm>SBS Projer GmbH</Nm><PstlAdr><AdrLine>Via Rezia 8</AdrLine><AdrLine>7013 Domat/Ems</AdrLine></PstlAdr></Cdtr></RltdPties><RmtInf><Ustrd>Berghotel tgantieni</Ustrd></RmtInf><AddtlTxInf>Gutschrift Berghotel Tgantieni AG</AddtlTxInf></TxDtls></NtryDtls><AddtlNtryInf>Gutschrift Berghotel Tgantieni AG</AddtlNtryInf></Ntry><Ntry><Amt Ccy="CHF">74.6</Amt><CdtDbtInd>CRDT</CdtDbtInd><RvslInd>false</RvslInd><Sts>BOOK</Sts><BookgDt><Dt>2026-03-02</Dt></BookgDt><ValDt><Dt>2026-03-02</Dt></ValDt><AcctSvcrRef>ZV20260302/009448</AcctSvcrRef><BkTxCd><Domn><Cd>PMNT</Cd><Fmly><Cd>RCDT</Cd><SubFmlyCd>OTHR</SubFmlyCd></Fmly></Domn></BkTxCd><NtryDtls><Btch><NbOfTxs>1</NbOfTxs><TtlAmt Ccy="CHF">74.6</TtlAmt><CdtDbtInd>CRDT</CdtDbtInd></Btch><TxDtls><Refs><AcctSvcrRef>ZV20260302/009448/1</AcctSvcrRef><EndToEndId>NOTPROVIDED</EndToEndId><TxId>20738076242/6XXX</TxId></Refs><Amt Ccy="CHF">74.6</Amt><CdtDbtInd>CRDT</CdtDbtInd><AmtDtls><InstdAmt><Amt Ccy="CHF">74.6</Amt></InstdAmt><TxAmt><Amt Ccy="CHF">74.6</Amt></TxAmt></AmtDtls><RltdPties><Dbtr><Nm>Wirtschaft zum Gemsli, Lendi</Nm><PstlAdr><StrtNm>Oberdorfstrasse</StrtNm><BldgNb>28</BldgNb><PstCd>8887</PstCd><TwnNm>Mels</TwnNm><Ctry>CH</Ctry></PstlAdr></Dbtr><DbtrAcct><Id><IBAN>CH9580808001246086681</IBAN></Id></DbtrAcct><Cdtr><Nm>SBS Projer GmbH</Nm><PstlAdr><AdrLine>Via Rezia 8</AdrLine><AdrLine>7013 Domat/Ems</AdrLine></PstlAdr></Cdtr></RltdPties><RltdAgts><DbtrAgt><FinInstnId><ClrSysMmbId><ClrSysId><Cd>CHSIC</Cd></ClrSysId><MmbId>812812</MmbId></ClrSysMmbId></FinInstnId></DbtrAgt></RltdAgts><AddtlTxInf>Gutschrift Wirtschaft zum Gemsli, Lendi</AddtlTxInf></TxDtls></NtryDtls><AddtlNtryInf>Gutschrift Wirtschaft zum Gemsli, Lendi</AddtlNtryInf></Ntry><Ntry><Amt Ccy="CHF">94.05</Amt><CdtDbtInd>CRDT</CdtDbtInd><RvslInd>false</RvslInd><Sts>BOOK</Sts><BookgDt><Dt>2026-03-02</Dt></BookgDt><ValDt><Dt>2026-03-02</Dt></ValDt><AcctSvcrRef>ZV20260302/013913</AcctSvcrRef><BkTxCd><Domn><Cd>PMNT</Cd><Fmly><Cd>RCDT</Cd><SubFmlyCd>OTHR</SubFmlyCd></Fmly></Domn></BkTxCd><NtryDtls><Btch><NbOfTxs>1</NbOfTxs><TtlAmt Ccy="CHF">94.05</TtlAmt><CdtDbtInd>CRDT</CdtDbtInd></Btch><TxDtls><Refs><AcctSvcrRef>ZV20260302/013913/1</AcctSvcrRef><EndToEndId>NOTPROVIDED</EndToEndId><TxId>20738281135/6XXX</TxId></Refs><Amt Ccy="CHF">94.05</Amt><CdtDbtInd>CRDT</CdtDbtInd><AmtDtls><InstdAmt><Amt Ccy="CHF">94.05</Amt></InstdAmt><TxAmt><Amt Ccy="CHF">94.05</Amt></TxAmt></AmtDtls><RltdPties><Dbtr><Nm>Pizzeria Surselva GmbH</Nm><PstlAdr><StrtNm>Via Alpsu</StrtNm><BldgNb>1</BldgNb><PstCd>7180</PstCd><TwnNm>Disentis/Muster</TwnNm><Ctry>CH</Ctry></PstlAdr></Dbtr><DbtrAcct><Id><IBAN>CH1080808004994281798</IBAN></Id></DbtrAcct><Cdtr><Nm>SBS Projer GmbH</Nm><PstlAdr><AdrLine>Via Rezia 8</AdrLine><AdrLine>7013 Domat/Ems</AdrLine></PstlAdr></Cdtr></RltdPties><RltdAgts><DbtrAgt><FinInstnId><ClrSysMmbId><ClrSysId><Cd>CHSIC</Cd></ClrSysId><MmbId>810726</MmbId></ClrSysMmbId></FinInstnId></DbtrAgt></RltdAgts><RmtInf><Ustrd>danke</Ustrd></RmtInf><AddtlTxInf>Gutschrift Pizzeria Surselva GmbH</AddtlTxInf></TxDtls></NtryDtls><AddtlNtryInf>Gutschrift Pizzeria Surselva GmbH</AddtlNtryInf></Ntry><Ntry><Amt Ccy="CHF">113.5</Amt><CdtDbtInd>CRDT</CdtDbtInd><RvslInd>false</RvslInd><Sts>BOOK</Sts><BookgDt><Dt>2026-03-02</Dt></BookgDt><ValDt><Dt>2026-03-02</Dt></ValDt><AcctSvcrRef>ZV20260302/023752</AcctSvcrRef><BkTxCd><Domn><Cd>PMNT</Cd><Fmly><Cd>RCDT</Cd><SubFmlyCd>OTHR</SubFmlyCd></Fmly></Domn></BkTxCd><NtryDtls><Btch><NbOfTxs>1</NbOfTxs><TtlAmt Ccy="CHF">113.5</TtlAmt><CdtDbtInd>CRDT</CdtDbtInd></Btch><TxDtls><Refs><AcctSvcrRef>ZV20260302/023752/1</AcctSvcrRef><EndToEndId>NOTPROVIDED</EndToEndId><TxId>20738743885/6XXX</TxId></Refs><Amt Ccy="CHF">113.5</Amt><CdtDbtInd>CRDT</CdtDbtInd><AmtDtls><InstdAmt><Amt Ccy="CHF">113.5</Amt></InstdAmt><TxAmt><Amt Ccy="CHF">113.5</Amt></TxAmt></AmtDtls><RltdPties><Dbtr><Nm>Green Events + More GmbH</Nm><PstlAdr><StrtNm>Eichweid</StrtNm><BldgNb>3</BldgNb><PstCd>6203</PstCd><TwnNm>Sempach Station</TwnNm><Ctry>CH</Ctry></PstlAdr></Dbtr><DbtrAcct><Id><IBAN>CH1280808002695651519</IBAN></Id></DbtrAcct><Cdtr><Nm>SBS Projer GmbH</Nm><PstlAdr><AdrLine>Via Rezia 8</AdrLine><AdrLine>7013 Domat/Ems</AdrLine></PstlAdr></Cdtr></RltdPties><RltdAgts><DbtrAgt><FinInstnId><ClrSysMmbId><ClrSysId><Cd>CHSIC</Cd></ClrSysId><MmbId>811962</MmbId></ClrSysMmbId></FinInstnId></DbtrAgt></RltdAgts><RmtInf><Ustrd>Sevice beer Feb</Ustrd></RmtInf><AddtlTxInf>Gutschrift Green Events + More GmbH</AddtlTxInf></TxDtls></NtryDtls><AddtlNtryInf>Gutschrift Green Events + More GmbH</AddtlNtryInf></Ntry><Ntry><Amt Ccy="CHF">107</Amt><CdtDbtInd>CRDT</CdtDbtInd><RvslInd>false</RvslInd><Sts>BOOK</Sts><BookgDt><Dt>2026-03-02</Dt></BookgDt><ValDt><Dt>2026-03-02</Dt></ValDt><AcctSvcrRef>ZV20260302/176520</AcctSvcrRef><BkTxCd><Domn><Cd>PMNT</Cd><Fmly><Cd>RCDT</Cd><SubFmlyCd>OTHR</SubFmlyCd></Fmly></Domn></BkTxCd><NtryDtls><Btch><NbOfTxs>1</NbOfTxs><TtlAmt Ccy="CHF">107</TtlAmt><CdtDbtInd>CRDT</CdtDbtInd></Btch><TxDtls><Refs><AcctSvcrRef>ZV20260302/176520/1</AcctSvcrRef><EndToEndId>1ad6f112d3f24fba82c296bad063b2c7</EndToEndId><TxId>1928949719/1XXXX</TxId></Refs><Amt Ccy="CHF">107</Amt><CdtDbtInd>CRDT</CdtDbtInd><AmtDtls><InstdAmt><Amt Ccy="CHF">107</Amt></InstdAmt><TxAmt><Amt Ccy="CHF">107</Amt></TxAmt></AmtDtls><RltdPties><Dbtr><Nm>Clubhotel Schweiz GmbH</Nm><PstlAdr><StrtNm>Schweizerhof</StrtNm><PstCd>7552</PstCd><TwnNm>Vulpera</TwnNm><CtrySubDvsn>Graubuenden</CtrySubDvsn><Ctry>CH</Ctry></PstlAdr></Dbtr><DbtrAcct><Id><IBAN>CH8600778223162412001</IBAN></Id></DbtrAcct><Cdtr><Nm>SBS Projer GmbH</Nm><PstlAdr><AdrLine>Via Rezia 8</AdrLine><AdrLine>7013 Domat/Ems</AdrLine></PstlAdr></Cdtr></RltdPties><RltdAgts><DbtrAgt><FinInstnId><ClrSysMmbId><ClrSysId><Cd>CHSIC</Cd></ClrSysId><MmbId>007781</MmbId></ClrSysMmbId></FinInstnId></DbtrAgt></RltdAgts><RmtInf><Ustrd>27.01.2026 0003</Ustrd></RmtInf><AddtlTxInf>Gutschrift Clubhotel Schweiz GmbH</AddtlTxInf></TxDtls></NtryDtls><AddtlNtryInf>Gutschrift Clubhotel Schweiz GmbH</AddtlNtryInf></Ntry><Ntry><Amt Ccy="CHF">94.05</Amt><CdtDbtInd>CRDT</CdtDbtInd><RvslInd>false</RvslInd><Sts>BOOK</Sts><BookgDt><Dt>2026-03-02</Dt></BookgDt><ValDt><Dt>2026-03-02</Dt></ValDt><AcctSvcrRef>ZV20260302/180998</AcctSvcrRef><BkTxCd><Domn><Cd>PMNT</Cd><Fmly><Cd>RCDT</Cd><SubFmlyCd>OTHR</SubFmlyCd></Fmly></Domn></BkTxCd><NtryDtls><Btch><NbOfTxs>1</NbOfTxs><TtlAmt Ccy="CHF">94.05</TtlAmt><CdtDbtInd>CRDT</CdtDbtInd></Btch><TxDtls><Refs><AcctSvcrRef>ZV20260302/180998/1</AcctSvcrRef><EndToEndId>NOTPROVIDED</EndToEndId></Refs><Amt Ccy="CHF">94.05</Amt><CdtDbtInd>CRDT</CdtDbtInd><AmtDtls><InstdAmt><Amt Ccy="CHF">94.05</Amt></InstdAmt><TxAmt><Amt Ccy="CHF">94.05</Amt></TxAmt></AmtDtls><RltdPties><Dbtr><Nm>Berggastronomie Cebov</Nm><PstlAdr><AdrLine>Triel 231a</AdrLine><AdrLine>7144 Vella</AdrLine></PstlAdr></Dbtr><Cdtr><Nm>SBS Projer GmbH</Nm><PstlAdr><AdrLine>Via Rezia 8</AdrLine><AdrLine>7013 Domat/Ems</AdrLine></PstlAdr></Cdtr></RltdPties><AddtlTxInf>Gutschrift Berggastronomie Cebov</AddtlTxInf></TxDtls></NtryDtls><AddtlNtryInf>Gutschrift Berggastronomie Cebov</AddtlNtryInf></Ntry><Ntry><Amt Ccy="CHF">7306.91</Amt><CdtDbtInd>CRDT</CdtDbtInd><RvslInd>false</RvslInd><Sts>BOOK</Sts><BookgDt><Dt>2026-03-02</Dt></BookgDt><ValDt><Dt>2026-03-02</Dt></ValDt><AcctSvcrRef>ZV20260302/193350</AcctSvcrRef><BkTxCd><Domn><Cd>PMNT</Cd><Fmly><Cd>RCDT</Cd><SubFmlyCd>OTHR</SubFmlyCd></Fmly></Domn></BkTxCd><NtryDtls><Btch><NbOfTxs>1</NbOfTxs><TtlAmt Ccy="CHF">7306.91</TtlAmt><CdtDbtInd>CRDT</CdtDbtInd></Btch><TxDtls><Refs><AcctSvcrRef>ZV20260302/193350/1</AcctSvcrRef><EndToEndId>2000002713</EndToEndId><TxId>C01BPU3T</TxId></Refs><Amt Ccy="CHF">7306.91</Amt><CdtDbtInd>CRDT</CdtDbtInd><AmtDtls><InstdAmt><Amt Ccy="CHF">7306.91</Amt></InstdAmt><TxAmt><Amt Ccy="CHF">7306.91</Amt></TxAmt></AmtDtls><RltdPties><Dbtr><Nm>HEINEKEN SWITZERLAND AG</Nm><PstlAdr><Ctry>CH</Ctry><AdrLine>OBERGRUNDSTRASSE 110 6005 LUZERN</AdrLine><AdrLine>SCHWEIZ</AdrLine></PstlAdr></Dbtr><DbtrAcct><Id><IBAN>CH3408686001085747001</IBAN></Id></DbtrAcct><Cdtr><Nm>SBS Projer GmbH</Nm><PstlAdr><AdrLine>Via Rezia 8</AdrLine><AdrLine>7013 Domat/Ems</AdrLine></PstlAdr></Cdtr></RltdPties><RltdAgts><DbtrAgt><FinInstnId><ClrSysMmbId><ClrSysId><Cd>CHSIC</Cd></ClrSysId><MmbId>086866</MmbId></ClrSysMmbId></FinInstnId></DbtrAgt></RltdAgts><RmtInf><Ustrd>/ROC/2000002713///RFB//INV/31.01.2026 31.1.2026 CUSTREF-1029599641</Ustrd></RmtInf><AddtlTxInf>Gutschrift HEINEKEN SWITZERLAND AG</AddtlTxInf></TxDtls></NtryDtls><AddtlNtryInf>Gutschrift HEINEKEN SWITZERLAND AG</AddtlNtryInf></Ntry></Stmt></BkToCstmrStmt></Document>